@article{DBLP:journals/corr/GatysEB15a,
  author    = {Leon A. Gatys and
               Alexander S. Ecker and
               Matthias Bethge},
  title     = {A Neural Algorithm of Artistic Style},
  journal   = {CoRR},
  volume    = {abs/1508.06576},
  year      = {2015},
  url       = {http://arxiv.org/abs/1508.06576},
  archivePrefix = {arXiv},
  eprint    = {1508.06576},
  timestamp = {Mon, 13 Aug 2018 16:48:03 +0200},
  biburl    = {https://dblp.org/rec/journals/corr/GatysEB15a.bib},
  bibsource = {dblp computer science bibliography, https://dblp.org}
}

@misc{goodfellow2014generative,
    title={Generative Adversarial Networks},
    author={Ian J. Goodfellow and Jean Pouget-Abadie and Mehdi Mirza and Bing Xu and David Warde-Farley and Sherjil Ozair and Aaron Courville and Yoshua Bengio},
    year={2014},
    eprint={1406.2661},
    archivePrefix={arXiv},
    primaryClass={stat.ML}
}

@article{DBLP:journals/corr/IsolaZZE16,
  author    = {Phillip Isola and
               Jun{-}Yan Zhu and
               Tinghui Zhou and
               Alexei A. Efros},
  title     = {Image-to-Image Translation with Conditional Adversarial Networks},
  journal   = {CoRR},
  volume    = {abs/1611.07004},
  year      = {2016},
  url       = {http://arxiv.org/abs/1611.07004},
  archivePrefix = {arXiv},
  eprint    = {1611.07004},
  timestamp = {Mon, 13 Aug 2018 16:49:05 +0200},
  biburl    = {https://dblp.org/rec/journals/corr/IsolaZZE16.bib},
  bibsource = {dblp computer science bibliography, https://dblp.org}
}

@article{DBLP:journals/corr/abs-1805-00247,
  author    = {Jifei Song and
               Kaiyue Pang and
               Yi{-}Zhe Song and
               Tao Xiang and
               Timothy M. Hospedales},
  title     = {Learning to Sketch with Shortcut Cycle Consistency},
  journal   = {CoRR},
  volume    = {abs/1805.00247},
  year      = {2018},
  url       = {http://arxiv.org/abs/1805.00247},
  archivePrefix = {arXiv},
  eprint    = {1805.00247},
  timestamp = {Mon, 13 Aug 2018 16:48:38 +0200},
  biburl    = {https://dblp.org/rec/journals/corr/abs-1805-00247.bib},
  bibsource = {dblp computer science bibliography, https://dblp.org}
}


@article{DBLP:journals/corr/abs-1903-07291,
  author    = {Taesung Park and
               Ming{-}Yu Liu and
               Ting{-}Chun Wang and
               Jun{-}Yan Zhu},
  title     = {Semantic Image Synthesis with Spatially-Adaptive Normalization},
  journal   = {CoRR},
  volume    = {abs/1903.07291},
  year      = {2019},
  url       = {http://arxiv.org/abs/1903.07291},
  archivePrefix = {arXiv},
  eprint    = {1903.07291},
  timestamp = {Mon, 01 Apr 2019 14:07:37 +0200},
  biburl    = {https://dblp.org/rec/journals/corr/abs-1903-07291.bib},
  bibsource = {dblp computer science bibliography, https://dblp.org}
}

@article{eitz2012hdhso,
author={Eitz, Mathias and Hays, James and Alexa, Marc},
title={How Do Humans Sketch Objects?},
journal={ACM Trans. Graph. (Proc. SIGGRAPH)},
year={2012},
volume={31},
number={4},
pages = {44:1--44:10}
}

@article{
 sketchy2016,
 author = {Patsorn Sangkloy and Nathan Burnell and Cusuh Ham and James Hays},
 title = {The Sketchy Database: Learning to Retrieve Badly Drawn Bunnies},
 journal = {ACM Transactions on Graphics (proceedings of SIGGRAPH)},
 year = {2016},
}

@article{DBLP:journals/corr/abs-1901-00542,
  author    = {Mengtian Li and
               Zhe Lin and
               Radom{\'{\i}}r Mech and
               Ersin Yumer and
               Deva Ramanan},
  title     = {Photo-Sketching: Inferring Contour Drawings from Images},
  journal   = {CoRR},
  volume    = {abs/1901.00542},
  year      = {2019},
  url       = {http://arxiv.org/abs/1901.00542},
  archivePrefix = {arXiv},
  eprint    = {1901.00542},
  timestamp = {Thu, 31 Jan 2019 13:52:49 +0100},
  biburl    = {https://dblp.org/rec/journals/corr/abs-1901-00542.bib},
  bibsource = {dblp computer science bibliography, https://dblp.org}
}

@ARTICLE{4767851,

  author={J. {Canny}},

  journal={IEEE Transactions on Pattern Analysis and Machine Intelligence}, 

  title={A Computational Approach to Edge Detection}, 

  year={1986},

  volume={PAMI-8},

  number={6},

  pages={679-698},}
  
@misc{wiki:Reseaux-antagonistes-generatifs,
   author = "Wikipedia",
   title = "{Réseaux antagonistes génératifs} --- {W}ikipedia{,} The Free Encyclopedia",
   year = "2020",
   howpublished = {\url{http://fr.wikipedia.org/w/index.php?title=R\%C3\%A9seaux\%20antagonistes\%20g\%C3\%A9n\%C3\%A9ratifs&oldid=170457375}},
   note = "[Online; accessed 17-May-2020]"
 }
 
 
@misc{hindupuravinash,
  author = {hindupuravinash},
  title = {The GAN Zoo},
  year = {2018},
  publisher = {GitHub},
  journal = {GitHub repository},
  howpublished = {\url{https://github.com/hindupuravinash/the-gan-zoo/}},
  commit = {375f2be4a852ead8980c06b2a996893f0cb95713}
}

@misc{ychen93,
  author = {ychen93},
  title = {The GAN Zoo},
  year = {2018},
  publisher = {GitHub},
  journal = {GitHub repository},
  howpublished = {\url{https://github.com/ychen93/Chinese-Painting-Dataset}}
}

@misc{wiki:Peinture-chinoise,
   author = "Wikipedia",
   title = "{Peinture chinoise} --- {W}ikipedia{,} The Free Encyclopedia",
   year = "2020",
   howpublished = {\url{http://fr.wikipedia.org/w/index.php?title=Peinture\%20chinoise&oldid=167921234}},
   note = "[Online; accessed 17-May-2020]"
}

@inproceedings{CycleGAN2017,
  title={Unpaired Image-to-Image Translation using Cycle-Consistent Adversarial Networks},
  author={Zhu, Jun-Yan and Park, Taesung and Isola, Phillip and Efros, Alexei A},
  booktitle={Computer Vision (ICCV), 2017 IEEE International Conference on},
  year={2017}
}


